<record><leader>00000cas a2200000 a 4500</leader><controlfield tag="001">19335741</controlfield><controlfield tag="008">890309d19uu1915nyuwr ne      0    0eng c</controlfield><datafield ind1=" " ind2=" " tag="010"><subfield code="a">sn 89071122 </subfield></datafield><datafield ind1=" " ind2=" " tag="040"><subfield code="a">NYG</subfield><subfield code="b">eng</subfield><subfield code="c">NYG</subfield><subfield code="d">NYS</subfield><subfield code="d">OCLCQ</subfield><subfield code="d">OCLCF</subfield><subfield code="d">OCLCO</subfield></datafield><datafield ind1=" " ind2=" " tag="042"><subfield code="a">pcc</subfield></datafield><datafield ind1=" " ind2=" " tag="043"><subfield code="a">n-us-ny</subfield></datafield><datafield ind1="0" ind2="0" tag="245"><subfield code="a">Lestershire-Endicott record.</subfield></datafield><datafield ind1=" " ind2=" " tag="260"><subfield code="a">Lestershire, N.Y. :</subfield><subfield code="b">[Lestershire-Endicott Pub.],</subfield><subfield code="c">-1915.</subfield></datafield><datafield ind1=" " ind2=" " tag="300"><subfield code="a">v.</subfield></datafield><datafield ind1=" " ind2=" " tag="310"><subfield code="a">Weekly</subfield></datafield><datafield ind1="0" ind2=" " tag="362"><subfield code="a">-[v. 19, no. 960] (Aug. 28, 1915).</subfield></datafield><datafield ind1=" " ind2=" " tag="500"><subfield code="a">Lestershire, N.Y. name changed to Johnson City, N.Y., Aug. 13, 1915.</subfield></datafield><datafield ind1=" " ind2=" " tag="515"><subfield code="a">Issues for &lt;Feb. 6, 1915&gt;-Aug. 21, 1915 numbered: &lt;Vol. 19, no. 932&gt;-v. 19, no. 959.</subfield></datafield><datafield ind1=" " ind2=" " tag="588"><subfield code="a">Description based on: Vol. 16, no. 301 (May 25, 1912).</subfield></datafield><datafield ind1=" " ind2="0" tag="651"><subfield code="a">Johnson City (N.Y.)</subfield><subfield code="v">Newspapers.</subfield></datafield><datafield ind1=" " ind2="0" tag="651"><subfield code="a">Endicott (N.Y.)</subfield><subfield code="v">Newspapers.</subfield></datafield><datafield ind1=" " ind2="0" tag="651"><subfield code="a">Broome County (N.Y.)</subfield><subfield code="v">Newspapers.</subfield></datafield><datafield ind1=" " ind2="7" tag="655"><subfield code="a">Newspapers.</subfield><subfield code="2">fast</subfield><subfield code="0">(OCoLC)fst01423814</subfield></datafield><datafield ind1=" " ind2="7" tag="651"><subfield code="a">New York (State)</subfield><subfield code="z">Broome County.</subfield><subfield code="2">fast</subfield><subfield code="0">(OCoLC)fst01233031</subfield></datafield><datafield ind1=" " ind2="7" tag="651"><subfield code="a">New York (State)</subfield><subfield code="z">Endicott.</subfield><subfield code="2">fast</subfield><subfield code="0">(OCoLC)fst01212775</subfield></datafield><datafield ind1=" " ind2="7" tag="651"><subfield code="a">New York (State)</subfield><subfield code="z">Johnson City.</subfield><subfield code="2">fast</subfield><subfield code="0">(OCoLC)fst01206933</subfield></datafield><datafield ind1=" " ind2=" " tag="752"><subfield code="a">United States</subfield><subfield code="b">New York</subfield><subfield code="c">Broome</subfield><subfield code="d">Johnson City.</subfield></datafield><datafield ind1=" " ind2=" " tag="752"><subfield code="a">United States</subfield><subfield code="b">New York</subfield><subfield code="c">Broome</subfield><subfield code="d">Lestershire.</subfield></datafield><datafield ind1=" " ind2=" " tag="752"><subfield code="a">United States</subfield><subfield code="b">New York</subfield><subfield code="c">Broome</subfield><subfield code="d">Endicott.</subfield></datafield><datafield ind1="0" ind2="0" tag="780"><subfield code="t">Lester-shire record</subfield><subfield code="w">(DLC)sn 91066395</subfield><subfield code="w">(OCoLC)24189913</subfield></datafield><datafield ind1="0" ind2="0" tag="785"><subfield code="t">Johnson City-Endicott record</subfield><subfield code="w">(DLC)sn 89071121</subfield></datafield></record>